@article{long2008critical,
  title={The Critical Need for Software Engineering Education},
  author={Long, Lyle N},
  journal={CrossTalk},
  volume={21},
  number={1},
  pages={6--10},
  year={2008},
  publisher={Citeseer}
}
@online{goodSingleton,
  title={De la bonne impl√©mentation du Singleton en Java},
  url=
  {http://thecodersbreakfast.net/index.php?post/2008/02/25/26-de-la-bonne-implementation-du-singleton-en-java},
  year={2008},
  month={02}
}
@online{singletonLiars,
  title={Singletons are Pathological Liars},
  url={http://misko.hevery.com/2008/08/17/singletons-are-pathological-liars/},
  year={2008},
  month={08}
}
@online{codeHardToTest,
  title={Top 10 things which make your code hard to test},
  url={http://misko.hevery.com/2008/07/30/top-10-things-which-make-your-code-hard-to-test/},
  year={2008},
  month={07}
}
@online{eclemma,
  title={Eclipse and Best Code Coverage Plugin},
  url={http://crunchify.com/what-is-the-best-code-coverage-plugin-you-should-use-in-eclipse-ide/},
  year={2016},
  month={09}
}
@online{artimaHowMuchCoverage,
  title={How Much Unit Test Coverage Do You Need? - The Testivus Answer},
  url={http://www.artima.com/forums/flat.jsp?forum=106&thread=204677},
  year={2010},
  month={08}
}
@online{hashMap,
  title={How HashMap works in Java},
  url={http://javarevisited.blogspot.fr/2011/02/how-hashmap-works-in-java.html},
  year={2011},
  month={05}  
}
@misc{wiki:commandPattern,
   author = "Wikipedia",
   title = "Command pattern --- {W}ikipedia{,} The Free Encyclopedia",
   year = "2012",
   url = "https://en.wikipedia.org/wiki/Command_pattern",
}



